@article {DHI,
    AUTHOR = {Dugger, Daniel and Hollander, Sharon and Isaksen, Daniel C.},
     TITLE = {Hypercovers and simplicial presheaves},
   JOURNAL = {Math. Proc. Cambridge Philos. Soc.},
  FJOURNAL = {Mathematical Proceedings of the Cambridge Philosophical
              Society},
    VOLUME = {136},
      YEAR = {2004},
    NUMBER = {1},
     PAGES = {9--51},
      ISSN = {0305-0041,1469-8064},
   MRCLASS = {18F20 (55U35)},
  MRNUMBER = {2034012},
MRREVIEWER = {Manuel\ Bullejos Lorenzo},
       DOI = {10.1017/S0305004103007175},
       URL = {https://doi.org/10.1017/S0305004103007175},
}

@article {EHIK-cd,
    AUTHOR = {Elmanto, Elden and Hoyois, Marc and Iwasa, Ryomei and Kelly,
              Shane},
     TITLE = {Cdh descent, cdarc descent, and {M}ilnor excision},
   JOURNAL = {Math. Ann.},
  FJOURNAL = {Mathematische Annalen},
    VOLUME = {379},
      YEAR = {2021},
    NUMBER = {3-4},
     PAGES = {1011--1045},
      ISSN = {0025-5831,1432-1807},
   MRCLASS = {14F42 (14A20)},
  MRNUMBER = {4238259},
MRREVIEWER = {Bj\o rn\ Ian\ Dundas},
       DOI = {10.1007/s00208-020-02083-5},
       URL = {https://doi.org/10.1007/s00208-020-02083-5},
}


@article {Voevodsky-cd,
    AUTHOR = {Voevodsky, Vladimir},
     TITLE = {Homotopy theory of simplicial sheaves in completely
              decomposable topologies},
   JOURNAL = {J. Pure Appl. Algebra},
  FJOURNAL = {Journal of Pure and Applied Algebra},
    VOLUME = {214},
      YEAR = {2010},
    NUMBER = {8},
     PAGES = {1384--1398},
      ISSN = {0022-4049,1873-1376},
   MRCLASS = {55U35 (14F05 18F20 18G30)},
  MRNUMBER = {2593670},
MRREVIEWER = {Kathryn\ P.\ Hess},
       DOI = {10.1016/j.jpaa.2009.11.004},
       URL = {https://doi.org/10.1016/j.jpaa.2009.11.004},
}


@article {CM,
    AUTHOR = {Clausen, Dustin and Mathew, Akhil},
     TITLE = {Hyperdescent and \'{e}tale {$K$}-theory},
   JOURNAL = {Invent. Math.},
  FJOURNAL = {Inventiones Mathematicae},
    VOLUME = {225},
      YEAR = {2021},
    NUMBER = {3},
     PAGES = {981--1076},
      ISSN = {0020-9910,1432-1297},
   MRCLASS = {18F25 (14F20 55N15)},
  MRNUMBER = {4296353},
MRREVIEWER = {Barry\ H.\ Dayton},
       DOI = {10.1007/s00222-021-01043-3},
       URL = {https://doi.org/10.1007/s00222-021-01043-3},
}


@book {HTT,
    AUTHOR = {Lurie, Jacob},
     TITLE = {Higher topos theory},
    SERIES = {Annals of Mathematics Studies},
    VOLUME = {170},
 PUBLISHER = {Princeton University Press, Princeton, NJ},
      YEAR = {2009},
     PAGES = {xviii+925},
      ISBN = {978-0-691-14049-0; 0-691-14049-9},
   MRCLASS = {18-02 (18B25 18E35 18G30 18G55 55U40)},
  MRNUMBER = {2522659},
MRREVIEWER = {Mark\ Hovey},
       DOI = {10.1515/9781400830558},
       URL = {https://doi.org/10.1515/9781400830558},
}

@article {LT-pb,
    AUTHOR = {Land, Markus and Tamme, Georg},
     TITLE = {On the {$K$}-theory of pullbacks},
   JOURNAL = {Ann. of Math. (2)},
  FJOURNAL = {Annals of Mathematics. Second Series},
    VOLUME = {190},
      YEAR = {2019},
    NUMBER = {3},
     PAGES = {877--930},
      ISSN = {0003-486X,1939-8980},
   MRCLASS = {19D55 (19D50 19E08)},
  MRNUMBER = {4024564},
MRREVIEWER = {Guillermo\ Corti\~{n}as},
       DOI = {10.4007/annals.2019.190.3.4},
       URL = {https://doi.org/10.4007/annals.2019.190.3.4},
}

@article {Hoyois,
    AUTHOR = {Hoyois, Marc},
     TITLE = {A quadratic refinement of the
              {G}rothendieck-{L}efschetz-{V}erdier trace formula},
   JOURNAL = {Algebr. Geom. Topol.},
  FJOURNAL = {Algebraic \& Geometric Topology},
    VOLUME = {14},
      YEAR = {2014},
    NUMBER = {6},
     PAGES = {3603--3658},
      ISSN = {1472-2747,1472-2739},
   MRCLASS = {14F42 (11E81 55M20)},
  MRNUMBER = {3302973},
MRREVIEWER = {Daniel\ C.\ Isaksen},
       DOI = {10.2140/agt.2014.14.3603},
       URL = {https://doi.org/10.2140/agt.2014.14.3603},
}

@book{SAG,
AUTHOR={Lurie, Jacob},
TITLE = {Spectral algebraic geometry},
}

@misc{Freudenthal,
      title={On $\mathbb{P}^1$-stabilization in unstable motivic homotopy theory}, 
      author={Aravind Asok and Tom Bachmann and Michael J. Hopkins},
      year={2023},
      eprint={2306.04631},
      archivePrefix={arXiv},
      primaryClass={math.AG}
}

@misc{Aravind,
	title = {Algebraic geometry from an {$\mathbb{A}^1$}-homotopic viewpoint},
	author={Asok, Aravind},
	year={2021}
}


@article {AHW1,
    AUTHOR = {Asok, Aravind and Hoyois, Marc and Wendt, Matthias},
     TITLE = {Affine representability results in {$\Bbb A^1$}-homotopy
              theory, {I}: vector bundles},
   JOURNAL = {Duke Math. J.},
  FJOURNAL = {Duke Mathematical Journal},
    VOLUME = {166},
      YEAR = {2017},
    NUMBER = {10},
     PAGES = {1923--1953},
      ISSN = {0012-7094},
   MRCLASS = {14F42 (55R15)},
  MRNUMBER = {3679884},
MRREVIEWER = {Kyle M. Ormsby},
       DOI = {10.1215/00127094-0000014X},
       URL = {https://doi-org.proxy.library.upenn.edu/10.1215/00127094-0000014X},
}


@article {AHW2,
    AUTHOR = {Asok, Aravind and Hoyois, Marc and Wendt, Matthias},
     TITLE = {Affine representability results in {$\Bbb A^1$}-homotopy
              theory, {II}: {P}rincipal bundles and homogeneous spaces},
   JOURNAL = {Geom. Topol.},
  FJOURNAL = {Geometry \& Topology},
    VOLUME = {22},
      YEAR = {2018},
    NUMBER = {2},
     PAGES = {1181--1225},
      ISSN = {1465-3060},
   MRCLASS = {14F42 (14L10 20G15 55R15)},
  MRNUMBER = {3748687},
MRREVIEWER = {Federico Binda},
       DOI = {10.2140/gt.2018.22.1181},
       URL = {https://doi-org.proxy.library.upenn.edu/10.2140/gt.2018.22.1181},
}


@article {AHW3,
    AUTHOR = {Asok, Aravind and Hoyois, Marc and Wendt, Matthias},
     TITLE = {Affine representability results in {$\Bbb A^1$}-homotopy
              theory {III}: finite fields and complements},
   JOURNAL = {Algebr. Geom.},
  FJOURNAL = {Algebraic Geometry},
    VOLUME = {7},
      YEAR = {2020},
    NUMBER = {5},
     PAGES = {634--644},
      ISSN = {2313-1691},
   MRCLASS = {14F42 (14L10 20G15 55R15)},
  MRNUMBER = {4156421},
MRREVIEWER = {Niall Taggart},
       DOI = {10.14231/ag-2020-023},
       URL = {https://doi-org.proxy.library.upenn.edu/10.14231/ag-2020-023},
}

 @article{Voevodsky-cd, title={Homotopy theory of simplicial sheaves in completely decomposable topologies}, volume={214}, ISSN={0022-4049}, DOI={https://doi.org/10.1016/j.jpaa.2009.11.004}, abstractNote={There are two approaches to the homotopy theory of simplicial (pre-)sheaves. One developed by Joyal and Jardine works for all sites but produces a model structure which is not finitely generated even in the case of sheaves on a Noetherian topological space. The other one developed by Brown and Gersten gives a nice model structure for sheaves on a Noetherian space of finite dimension but does not extend to all sites. In this paper we define a class of sites for which a generalized version of the Brown–Gersten approach works.}, number={8}, journal={Journal of Pure and Applied Algebra}, author={Voevodsky, Vladimir}, year={2010}, pages={1384–1398} }


 @inbook{Morel-ICM, address={Zuerich, Switzerland}, title={A1-algebraic topology}, ISBN={978-3-03719-022-7}, url={http://www.ems-ph.org/doi/10.4171/022-2/49}, DOI={10.4171/022-2/49}, abstractNote={We present some recent results in A1-algebraic topology, which means both in A1-homotopy theory of schemes and its relationship with algebraic geometry. This refers to the classical relationship between homotopy theory and (differential) topology. We explain several examples of “motivic” versions of classical results: the theory of the Brouwer degree, the classiﬁcation of A1-coverings through the A1-fundamental group, the Hurewicz Theorem and the A1-homotopy of algebraic spheres, and the A1-homotopy classiﬁcation of vector bundles. We also give some applications and perspectives.}, booktitle={Proceedings of the International Congress of Mathematicians Madrid, August 22–30, 2006}, publisher={European Mathematical Society Publishing House}, author={Morel, Fabien}, editor={Sanz-Solé, Marta and Soria, Javier and Varona, Juan Luis and Verdera, Joan}, year={2007}, month=may, pages={1035–1059}, language={en} }


@misc{bachmannstrongly,
      title={Strongly A^1-invariant sheaves (after F. Morel)}, 
      author={Tom Bachmann},
      year={2024},
      eprint={2406.11526},
      archivePrefix={arXiv},
      primaryClass={math.AG},
      url={https://arxiv.org/abs/2406.11526}, 
}

 @book{Morel, address={Berlin, Heidelberg}, series={Lecture Notes in Mathematics}, title={A1-Algebraic Topology over a Field}, volume={2052}, ISBN={978-3-642-29513-3}, url={http://link.springer.com/10.1007/978-3-642-29514-0}, DOI={10.1007/978-3-642-29514-0}, publisher={Springer Berlin Heidelberg}, author={Morel, Fabien}, year={2012}, collection={Lecture Notes in Mathematics}, language={en} }


@article {infinite-loop,
    AUTHOR = {Elmanto, Elden and Hoyois, Marc and Khan, Adeel A. and
              Sosnilo, Vladimir and Yakerson, Maria},
     TITLE = {Motivic infinite loop spaces},
   JOURNAL = {Camb. J. Math.},
  FJOURNAL = {Cambridge Journal of Mathematics},
    VOLUME = {9},
      YEAR = {2021},
    NUMBER = {2},
     PAGES = {431--549},
      ISSN = {2168-0930,2168-0949},
   MRCLASS = {14F42 (14C05 19E15 55P47)},
  MRNUMBER = {4325285},
MRREVIEWER = {Ferdinando\ Zanchetta},
       DOI = {10.4310/CJM.2021.v9.n2.a3},
       URL = {https://doi.org/10.4310/CJM.2021.v9.n2.a3},
}

 @book{HA, title={Higher Algebra}, author={Lurie, Jacob}, year={2017} }


@article{Choudhury-H,
   title={Connectivity of motivic H–spaces},
   volume={14},
   ISSN={1472-2747},
   url={http://dx.doi.org/10.2140/agt.2014.14.37},
   DOI={10.2140/agt.2014.14.37},
   number={1},
   journal={Algebraic &amp; Geometric Topology},
   publisher={Mathematical Sciences Publishers},
   author={Choudhury, Utsav},
   year={2014},
   month=jan, pages={37–55} }


@book {Fulton,
    AUTHOR = {Fulton, William},
     TITLE = {Intersection theory},
    SERIES = {Ergebnisse der Mathematik und ihrer Grenzgebiete. 3. Folge. A
              Series of Modern Surveys in Mathematics [Results in
              Mathematics and Related Areas. 3rd Series. A Series of Modern
              Surveys in Mathematics]},
    VOLUME = {2},
   EDITION = {Second},
 PUBLISHER = {Springer-Verlag, Berlin},
      YEAR = {1998},
     PAGES = {xiv+470},
      ISBN = {3-540-62046-X; 0-387-98549-2},
   MRCLASS = {14C17 (14-02)},
  MRNUMBER = {1644323},
       DOI = {10.1007/978-1-4612-1700-8},
       URL = {https://doi.org/10.1007/978-1-4612-1700-8},
}

 @unpublished{Youcis, title={A brief discussion of torsors}, author={Youcis, Alex} }


@misc{Stacks,
    shorthand    = {Stacks},
    author       = {The {Stacks Project Authors}},
    title        = {\textit{Stacks Project}},
    howpublished = {\url{https://stacks.math.columbia.edu}},
    year         = {2018},
  }
  
@article {Dugger-univ,
    AUTHOR = {Dugger, Daniel},
     TITLE = {Universal homotopy theories},
   JOURNAL = {Adv. Math.},
  FJOURNAL = {Advances in Mathematics},
    VOLUME = {164},
      YEAR = {2001},
    NUMBER = {1},
     PAGES = {144--176},
      ISSN = {0001-8708,1090-2082},
   MRCLASS = {18G55 (18E20 55U10)},
  MRNUMBER = {1870515},
MRREVIEWER = {Manuel\ Bullejos Lorenzo},
       DOI = {10.1006/aima.2001.2014},
       URL = {https://doi.org/10.1006/aima.2001.2014},
}